@inproceedings{shi2019adapting,
 author = {Shi, Claudia and Blei, David and Veitch, Victor},
 booktitle = {Advances in Neural Information Processing Systems},
 editor = {H. Wallach and H. Larochelle and A. Beygelzimer and F. d\textquotesingle Alch\'{e}-Buc and E. Fox and R. Garnett},
 pages = {},
 publisher = {Curran Associates, Inc.},
 title = {Adapting Neural Networks for the Estimation of Treatment Effects},
 url = {https://proceedings.neurips.cc/paper_files/paper/2019/file/8fb5f8be2aa9d6c64a04e3ab9f63feee-Paper.pdf},
 volume = {32},
 year = {2019}
}